<?xml version="1.0" encoding="UTF-8"?><collection xmlns="http://www.loc.gov/MARC21/slim"><record><leader>00519nam--2200181-i-4500</leader><controlfield tag="001">000008010</controlfield><controlfield tag="002">20161230</controlfield><controlfield tag="005">20161230201027</controlfield><controlfield tag="008">060222s1000------------r-----000-0-eng-d</controlfield><datafield ind1=" " ind2=" " tag="040"><subfield code="a">IFIN-HH</subfield></datafield><datafield ind1=" " ind2=" " tag="080"><subfield code="a">539.14</subfield></datafield><datafield ind1="1" ind2=" " tag="100"><subfield code="a">Bloch, C</subfield></datafield><datafield ind1="1" ind2="0" tag="245"><subfield code="a">Excitation of simple particle hole configurations in the residual nucleus</subfield><subfield code="c">C. bloch, n. cindro, s. harar</subfield></datafield><datafield ind1=" " ind2=" " tag="260"><subfield code="a">Saclay</subfield><subfield code="b">Centre D Etudes Nucleaires</subfield><subfield code="c">1967</subfield></datafield><datafield ind1=" " ind2=" " tag="300"><subfield code="a">P.+ 17 FIG</subfield></datafield><datafield ind1="1" ind2=" " tag="700"><subfield code="a">Harar, S</subfield></datafield><datafield ind1=" " ind2=" " tag="852"><subfield code="a">25781</subfield><subfield code="c">539.14</subfield></datafield><datafield ind1=" " ind2=" " tag="CAT"><subfield code="a">Sys</subfield><subfield code="c">20120326</subfield><subfield code="h">161218</subfield></datafield></record></collection>